% This file was created with Citavi 5.5.0.1

@misc{NVIDIACorporation.2017,
 editor = {{NVIDIA Corporation}},
 year = {2017-09-22},
 title = {CUDA C PROGRAMMING GUIDE},
 url = {http://docs.nvidia.com/cuda/cuda-c-programming-guide/index.html#kernels},
 urldate = {2017-12-04}
}


